<?xml version="1.0" encoding="UTF-8"?>
<record xmlns="http://www.loc.gov/MARC21/slim" xmlns:xsi="http://www.w3.org/2001/XMLSchema-instance" xsi:schemaLocation="http://www.loc.gov/MARC21/slim http://www.loc.gov/standards/marcxml/schema/MARC21slim.xsd">
<leader>00000cam a22      a 4500</leader>
<controlfield tag="001">001676362</controlfield>
<controlfield tag="003">NNU</controlfield>
<controlfield tag="005">20150325173039.0</controlfield>
<controlfield tag="008">920323s1856    tu            000 0 ara d</controlfield>
<datafield tag="035" ind1=" " ind2=" ">
<subfield code="a">(OCoLC)476961292</subfield>
</datafield>
<datafield tag="040" ind1=" " ind2=" ">
<subfield code="a">NjP</subfield>
<subfield code="b">eng</subfield>
<subfield code="c">N15</subfield>
<subfield code="d">OCLCQ</subfield>
<subfield code="d">OCLCO</subfield>
<subfield code="d">NNU</subfield>
</datafield>
<datafield tag="050" ind1=" " ind2="4">
<subfield code="a">BP50</subfield>
<subfield code="b">.D5 1856</subfield>
</datafield>
<datafield tag="100" ind1="1" ind2=" ">
<subfield code="6">880-01</subfield>
<subfield code="a">Kumushkhānawī, Aḥmad ibn Muṣṭafá,</subfield>
<subfield code="d">1812 or 1813-1893 or 1894.</subfield>
</datafield>
<datafield tag="240" ind1="1" ind2="0">
<subfield code="6">880-02</subfield>
<subfield code="a">Jāmiʻ al-mutūn fī ḥaqq anwāʻ al-ṣifāt al-ilāhīyah</subfield>
</datafield>
<datafield tag="245" ind1="1" ind2="0">
<subfield code="6">880-03</subfield>
<subfield code="a">Hādhā Kitāb jāmiʻ al-mutūn fī ḥaqq anwāʻ al-ṣifāt al-ilāhīyah wa-al-ʻaqāʼid al-Māturīdīyah wa-alfāẓ al-kufr wa-taṣḥīḥ al-aʻmāl al-ʻajībīyah /</subfield>
<subfield code="c">Aḥmad Ḍiyāʼ al-Dīn ibn Muṣṭafá.</subfield>
</datafield>
<datafield tag="260" ind1=" " ind2=" ">
<subfield code="6">880-04</subfield>
<subfield code="a">[Istanbul] :</subfield>
<subfield code="b">[publisher not identified],</subfield>
<subfield code="c">1273 [1856 or 1857]</subfield>
</datafield>
<datafield tag="300" ind1=" " ind2=" ">
<subfield code="a">140 pages ;</subfield>
<subfield code="c">27 cm</subfield>
</datafield>
<datafield tag="336" ind1=" " ind2=" ">
<subfield code="a">text</subfield>
<subfield code="b">txt</subfield>
<subfield code="2">rdacontent</subfield>
</datafield>
<datafield tag="337" ind1=" " ind2=" ">
<subfield code="a">unmediated</subfield>
<subfield code="b">n</subfield>
<subfield code="2">rdamedia</subfield>
</datafield>
<datafield tag="338" ind1=" " ind2=" ">
<subfield code="a">volume</subfield>
<subfield code="b">nc</subfield>
<subfield code="2">rdacarrier</subfield>
</datafield>
<datafield tag="740" ind1="0" ind2=" ">
<subfield code="6">880-05</subfield>
<subfield code="a">Jāmiʻ al-mutūn fī ḥaqq anwāʻ al-ṣifāt al-ilāhīyah.</subfield>
</datafield>
<datafield tag="880" ind1="1" ind2=" ">
<subfield code="6">100-01/</subfield>
<subfield code="a">كمشخانوي، احمد بن مصطفى،</subfield>
<subfield code="d">1812 or 1813-1893 or 1894.</subfield>
</datafield>
<datafield tag="880" ind1="1" ind2="0">
<subfield code="6">240-02/</subfield>
<subfield code="a">جامع المتون في حق انواع الصفات الالهية</subfield>
</datafield>
<datafield tag="880" ind1="1" ind2="0">
<subfield code="6">245-03/</subfield>
<subfield code="a">هاذا كتاب جامع المتون في حق انواع الصفات الالاهية والعقائد الماتريدية والفاظ الكفر وتصحيح الاعمال العجيبية /</subfield>
<subfield code="c">احمد ضياء الدين بن مصطفى.</subfield>
</datafield>
<datafield tag="880" ind1=" " ind2=" ">
<subfield code="6">260-04/</subfield>
<subfield code="a">[استانبول] :</subfield>
<subfield code="b">[publisher not identified],</subfield>
<subfield code="c">1273 [1856 or 1857]</subfield>
</datafield>
<datafield tag="880" ind1="0" ind2=" ">
<subfield code="6">740-05/</subfield>
<subfield code="a">جامع المتون في حق انواع الصفات الالهية.</subfield>
</datafield>
<datafield tag="OWN" ind1=" " ind2=" ">
<subfield code="a">GENERAL</subfield>
</datafield>
<datafield tag="AVA" ind1=" " ind2=" ">
<subfield code="a">NYU50</subfield>
<subfield code="b">BOBST</subfield>
<subfield code="c">Main Collection</subfield>
<subfield code="d">BP50 .D5 1856</subfield>
<subfield code="e">unavailable</subfield>
<subfield code="t">Unavailable</subfield>
<subfield code="f">1</subfield>
<subfield code="g">1</subfield>
<subfield code="h">N</subfield>
<subfield code="i">0</subfield>
<subfield code="j">MAIN</subfield>
<subfield code="k">0</subfield>
</datafield>
</record>
